
% В таком файле ведётся учёт библиографии.

%THEORY





% DATA

@online{eurostat1,
	title = {Eurostat: European statistics - Database},
	url = {https://ec.europa.eu/eurostat/data/database}
}

@online{eurostat2,
	title = {Eurostat metadata: Annual national accounts (nama10)},
	url = {https://ec.europa.eu/eurostat/cache/metadata/en/nama10_esms.htm}
}

@book{katz2006overview,
	title={An Overview of BEA's Source Data and Estimating Methods for Quarterly GDP},
	author={Katz, Arnold J },
	publisher={10th OECD-NBS Workshop on National Accounts},
	year={2006}
}

@book{bea3,
	title={Concepts and Methods of the U.S. National Income and Product Accounts},
	author={Douglas R. Fox  },
	publisher={Bureau of Economic Analysis (BEA)},
	year={2017}
}



@article{moyergross,
	title={Gross Domestic Product by State Estimation Methodology},
	author={Moyer, Brian C and Thompson,  Sarahelen},
	year={2017}
}



@online{usstat1,
	title = {FRED: Economic Data},
	url = {https://fred.stlouisfed.org/}
}



@online{fedstat1,
	title = {ЕМИСС: государственная статистика: Официальные статистические показатели},
	url = {https://www.fedstat.ru/}
}


@online{fedstat2,
	title = {Демографический ежегодник России: методические пояснения},
	url = {http://www.gks.ru/bgd/regl/B17_16/Main.htm}
}